<?xml version="1.0" encoding="UTF-8"?><collection xmlns="http://www.loc.gov/MARC21/slim"><record><leader>00457nam--2200133-i-4500</leader><controlfield tag="001">000018321</controlfield><controlfield tag="002">20161230</controlfield><controlfield tag="005">20161230201032</controlfield><controlfield tag="008">060222s1000------------r-----000-0-eng-d</controlfield><datafield ind1=" " ind2=" " tag="100"><subfield code="a">Duerra, M., Del, Nencetti G.F., Baccaredda M</subfield></datafield><datafield ind1=" " ind2=" " tag="245"><subfield code="a">Produzione di solfuro di carconio da metano e anidride solforosa</subfield></datafield><datafield ind1=" " ind2=" " tag="260"><subfield code="a">Milano, Soc.P.Az.Editrice Di Chimica, 1959.6p</subfield></datafield><datafield ind1=" " ind2=" " tag="490"><subfield code="a">Pubblicazioni Della Facolta D Ingegneria Dell  Universita Di Pisa</subfield></datafield><datafield ind1=" " ind2=" " tag="852"><subfield code="a">15243</subfield></datafield></record></collection>